@article{mehlhorn2016still,
  title={A still simpler way of introducing interior-point method for linear programming},
  author={Mehlhorn, Kurt and Saxena, Sanjeev},
  journal={Computer Science Review},
  volume={22},
  pages={1--11},
  year={2016},
  publisher={Elsevier}
}